@incollection{Jade-2014,
	author	= "Jade Abbott and Andries P. Engelbrecht",
	title		= "Nature-inspired Swarm Robotics Algorithms for Prioritized Foraging",
	booktitle	= "Swarm Intelligence",
	publisher	= "Springer International Publishing",
	volume	= "International Conference, ANTS 2014",
	number	= "9th",
	series	= "Brussels, Belgium, 10-12.",
	type		= "Proceedings.",
	pages	= "246-253",
	year		= "2014",
	month	= "September",
}

@inbook{SI,
	author	= "Eric Bonabeau, Marco Dorigo, Guy Theraulaz",
	title		= "Swarm Intelligence: From Natural to Artificial Systems",
	chapter	= "1",
	pages	= "7-9",
	publisher	= "Oxford University Press",
	address	= "198 Madison Avenue, New York, New York",
	edition	= "1",
	year		= "1991",
}

@inbook{Robots-Dorigo,
	author	= "Dorigo, M., Sahin, E.",
	title		= "Swarm Robotics",
	chapter	= "Robots 17(2-3)",
	pages		= "111-113",
	publisher	= "Auton",
	edition	= "",
	year		= "2004",
}

@article(Forage-09,
       	author={ Winﬁeld, A.F.},
	title={Foraging robots},
       	year = 2009
}

@incollection{Lumer-Faieta,
	author	= "Erik D. Lumer, Baldo Faieta",
	title		= "Diversity and adaption in populations of clustering ants",
	booktitle	= "SAB94 Proceedings of the third international conference of Simulation of adaptive behaviour",
	publisher	= "MIT Press Cambridge",
	volume	= "3",
	number	= "",
	series	= "From animals to animates",
	type		= "Proceedings",
	pages	= "501-508",
	year		= "1994",
	month	= "July",
}

@incollection{RobotAnt,
	author	= "J-L. Deneubourg, S. Goss, N. Franks, A. Sendova-Franks, C. Detrain, and L. Chrètien",
	title		= " The Dynamics of Collective Sorting: Robot-Like Ant and AntLike Robot",
	booktitle	= "Conference on Simulation of Adaptive Behavior: From Animals to Animats",
	publisher	= "MIT Press",
	volume	= "",
	number	= "First",
	series		= "J.A. Meyer and S.W. Wilson",
	type		= "Proceedings.",
	pages		= "356-365",
	year		= "1991",
	month		= "",
}

@article{L-Chretien,
       author={ L. Chrètien},
       title={Organisation Spatiale du Mat´eriel Provenant de l’excavation du nid chez Messor Barbarus et des Cadavres d’ouvrières chez ‘‘Lasius niger’’ (Hymenopterae: Formicidae)},
       journal={PhD thesis,  Universite Libre de Bruxelles},
       year = 1996,
}

@inbook{Beni-Robot,
	author	= "Gerado Beni",
	booktitle	= "Swarm Robotics",
	title		= "From Swarm Intelligence to Swarm Robotics",
	chapter	= "SAB 2004 International Workshop, Santa Monica, CA, USA, July 17, 2004, Revised Selected Papers",
	pages		= "1-9",
	publisher	= "Springer Berlin Heidelberg",
	edition	= "",
	year		= "2004",
}

@inbook{Robot-Swarm,
	author	= "Eric Bonabeau, Marco Dorigo, Guy Theraulaz",
	booktitle	= "Swarm Intelligence - From Natural to Artificial Systems",
	title		= "",
	chapter	= "Social Insects",
	pages		= "1-23",
	publisher	= "Oxford Univeristy Press",
	edition	= "",
	year		= "1999",
}

@inbook{T-Seeley,
	author	= "Thomas Seeley",
	booktitle	= "The Wisdom of the Wive, The Social Physiology of Honey Bee Colonies",
	title		= "",
	chapter	= "",
	pages		= "",
	publisher	= "Harvard University Press",
	edition	= "",
	year		= "2009",
}

@Book{Engel,
	author	= "Andries P. Engelbrecht",
	title		= "Computational Intelligence An Introduction",
	publisher	= "John Wiley \& Sons, Ltd",
	year		= "2007",
	address	= "",
	edition	= "2nd",
}